<?xml version="1.0" encoding="UTF-8"?><collection xmlns="http://www.loc.gov/MARC21/slim"><record><leader>00360nam--2200121-i-4500</leader><controlfield tag="001">000023200</controlfield><controlfield tag="002">20161230</controlfield><controlfield tag="005">20161230201034</controlfield><controlfield tag="008">060222s1000------------r-----000-0-eng-d</controlfield><datafield ind1=" " ind2=" " tag="245"><subfield code="a">Perspectives in powder metallurgy. fundamentals, methods and applications</subfield></datafield><datafield ind1=" " ind2=" " tag="260"><subfield code="a">New York, Plenum Press, 1967. Viii + 255 P</subfield></datafield><datafield ind1=" " ind2=" " tag="700"><subfield code="a">Hausner, Henry H. /S.A.</subfield></datafield><datafield ind1=" " ind2=" " tag="852"><subfield code="a">36674</subfield></datafield></record></collection>